
@article{goggins_group_2013,
	title = {Group informatics: {A} methodological approach and ontology for sociotechnical group research},
	volume = {64},
	number = {3},
	journal = {Journal of the Association for Information Science and Technology},
	author = {Goggins, Sean P and Mascaro, Christopher and Valetto, Giuseppe},
	year = {2013},
	keywords = {collaboration, content analysis, human computer interaction},
	pages = {516--539},
	file = {Goggins-2013.pdf:/Users/gogginss/Dropbox/Work/Zotero/storage/H9SR6RHZ/Goggins-2013.pdf:application/pdf;Group Informatics\: A Methodological Approach and Ontology for Understanding Socio-Technical Groups | Sean P. Goggins, PhD:/Users/gogginss/Dropbox/Work/Zotero/storage/HZA2MUNV/seangoggins.net.html:text/html;Group Informatics\: A Methodological Approach and Ontology for Understanding Socio-Technical Groups | Sean P. Goggins, PhD:/Users/gogginss/Dropbox/Work/Zotero/storage/XKXKZA97/seangoggins.net.html:text/html;Group Informatics\: A Methodological Approach and Ontology for Understanding Socio-Technical Groups | Sean P. Goggins, PhD:/Users/gogginss/Dropbox/Work/Zotero/storage/X49QPDZZ/seangoggins.net.html:text/html}
}